
@misc{WEBSITE:CppStories,
	title = {Bartlomiej Filipek C++ Stories},
	howpublished = {https://www.cppstories.com/}
}

@misc{WEBSITE:CppStoriesCSVReader,
	title = {Bartlomiej Filipek How to Parallelise CSV Reader - C++17 in Practice},
	howpublished = {https://www.cppstories.com/2021/csvreader-cpp17/}
}

@article{DBLP:journals/accu/161/Teodorescu/paralleAlgo,
  author    = {Lucian Radu Teodorescu},
  title     = {A Case Against Blind Use of C++ Parallel Algorithms},
  journal   = {{ACCU} Overload},
  volume    = {161},
  pages     = {4--7},
  year      = {2021},
}


@book{DBLP:books/Williams2019,
  author    = {Anthony Williams},
  title     = {C++ Concurrency in Action},
  publisher = {Manning},
  year      = {2019},
  isbn      = {978-1-61729-469-3},
}


